<record><leader>00000cas a2200000 a 4500</leader><controlfield tag="001">18042976</controlfield><controlfield tag="008">880606d19871989iludn ne      0   a0eng c</controlfield><datafield ind1=" " ind2=" " tag="010"><subfield code="a">sn 88001779 </subfield></datafield><datafield ind1=" " ind2=" " tag="040"><subfield code="a">NSD</subfield><subfield code="b">eng</subfield><subfield code="c">NSD</subfield><subfield code="d">NVF</subfield><subfield code="d">OCLCQ</subfield><subfield code="d">NVF</subfield><subfield code="d">OCLCQ</subfield><subfield code="d">NVF</subfield><subfield code="d">DLC</subfield><subfield code="d">OCLCF</subfield><subfield code="d">OCLCO</subfield><subfield code="d">NVF</subfield></datafield><datafield ind1=" " ind2=" " tag="012"><subfield code="j">0</subfield><subfield code="m">d</subfield></datafield><datafield ind1="1" ind2=" " tag="022"><subfield code="a">0899-2436</subfield><subfield code="l">0899-2436</subfield><subfield code="y">8750-6688</subfield><subfield code="2">1</subfield></datafield><datafield ind1=" " ind2=" " tag="037"><subfield code="b">The Daily Calumet and Pointer, 18127 William St., Lansing, IL 60438</subfield></datafield><datafield ind1=" " ind2=" " tag="042"><subfield code="a">nsdp</subfield><subfield code="a">pcc</subfield></datafield><datafield ind1=" " ind2=" " tag="043"><subfield code="a">n-us-il</subfield></datafield><datafield ind1="0" ind2=" " tag="130"><subfield code="a">Daily Calumet and pointer (Lansing, Ill. : Chicago ed.)</subfield></datafield><datafield ind1=" " ind2="4" tag="222"><subfield code="a">The Daily Calumet and pointer</subfield></datafield><datafield ind1="1" ind2="4" tag="245"><subfield code="a">The daily Calumet and pointer.</subfield></datafield><datafield ind1="1" ind2="7" tag="246"><subfield code="a">Daily Calumet &amp; pointer</subfield></datafield><datafield ind1=" " ind2=" " tag="250"><subfield code="a">[Chicago ed.].</subfield></datafield><datafield ind1=" " ind2=" " tag="260"><subfield code="a">Lansing, Ill :</subfield><subfield code="b">Pulitzer Community Newspapers</subfield></datafield><datafield ind1=" " ind2=" " tag="300"><subfield code="a">volumes</subfield></datafield><datafield ind1=" " ind2=" " tag="310"><subfield code="a">Daily (except Saturday)</subfield></datafield><datafield ind1="1" ind2=" " tag="362"><subfield code="a">Began in 1987.</subfield></datafield><datafield ind1="0" ind2=" " tag="362"><subfield code="a">-v. 110, no. 36 (Feb. 26, 1989).</subfield></datafield><datafield ind1=" " ind2=" " tag="588"><subfield code="a">Description based on: Vol. 108, no. 243 (Oct. 12, 1987).</subfield></datafield><datafield ind1=" " ind2="0" tag="651"><subfield code="a">Chicago Metropolitan Area (Ill.)</subfield><subfield code="v">Newspapers.</subfield></datafield><datafield ind1=" " ind2="7" tag="651"><subfield code="a">Illinois</subfield><subfield code="z">Chicago Metropolitan Area.</subfield><subfield code="2">fast</subfield><subfield code="0">(OCoLC)fst01345823</subfield></datafield><datafield ind1=" " ind2="7" tag="655"><subfield code="a">Newspapers.</subfield><subfield code="2">fast</subfield><subfield code="0">(OCoLC)fst01423814</subfield></datafield><datafield ind1=" " ind2=" " tag="752"><subfield code="a">United States</subfield><subfield code="b">Illinois</subfield><subfield code="c">Cook County</subfield><subfield code="d">Lansing.</subfield></datafield><datafield ind1="0" ind2=" " tag="775"><subfield code="t">Daily Calumet and pointer (Lansing, Ill. : Suburban ed.)</subfield><subfield code="w">(DLC)sn 93055994</subfield><subfield code="w">(OCoLC)29433893</subfield></datafield><datafield ind1="0" ind2="0" tag="780"><subfield code="t">Daily Calumet (Lansing, Ill. : City ed.)</subfield><subfield code="w">(DLC)sn 93055996</subfield><subfield code="w">(OCoLC)29423860</subfield></datafield><datafield ind1="0" ind2="0" tag="785"><subfield code="t">Daily Calumet (Lansing, Ill. : Chicago ed.)</subfield><subfield code="x">1044-3762</subfield><subfield code="w">(DLC)sn 89007003</subfield><subfield code="w">(OCoLC)19763360</subfield></datafield></record>